Date,Description,Value,Balance
28/07/16,5753 dependent pencil,"£1,023.00","£3,420.94"
30/07/16,3577 needy table,£543.00,"£3,963.94"
01/08/16,8597 close inspection,"£2,809.21","£6,773.15"
07/08/16,8389 proper tie,-£20.00,"£6,753.15"
08/08/16,8670 best idea,-£106.56,"£6,646.59"
08/08/16,6267 negative rich,-£898.62,"£5,747.97"
08/08/16,7572 worth goal,-£200.00,"£5,547.97"
08/08/16,3781 western pension,-£30.00,"£5,517.97"
08/08/16,7991 enough land,-£2.18,"£5,515.79"
08/08/16,7668 federal increase,-£120.00,"£5,395.79"
08/08/16,2251 capable temporary,-£60.00,"£5,335.79"
09/08/16,3540 top development,-£15.12,"£5,320.67"
09/08/16,5292 capable temporary,-£10.00,"£5,310.67"
10/08/16,2949 female instance,-£460.00,"£4,850.67"
11/08/16,5257 sudden whole,£0.24,"£4,850.91"
11/08/16,390 sudden whole,£0.35,"£4,851.26"
12/08/16,2570 sick garbage,-£2.60,"£4,848.66"
12/08/16,9004 crazy entrance,-£39.97,"£4,808.69"
15/08/16,6827 best idea,-£28.38,"£4,780.31"
15/08/16,1975 negative rich,-£132.07,"£4,648.24"
15/08/16,7085 green recommendation,-£30.00,"£4,618.24"
15/08/16,827 ready pride,-£43.60,"£4,574.64"
15/08/16,8895 straight bus,-£8.54,"£4,566.10"
15/08/16,7434 crazy car,-£20.00,"£4,546.10"
16/08/16,176 additional cook,-£59.35,"£4,486.75"
16/08/16,1348 leading poem,-£40.00,"£4,446.75"
16/08/16,467 royal resource,-£10.00,"£4,436.75"
17/08/16,3266 western pension,-£60.00,"£4,376.75"
17/08/16,1943 western pension,-£60.00,"£4,316.75"
18/08/16,2750 western pension,-£70.00,"£4,246.75"
18/08/16,8574 smooth inspection,-£50.00,"£4,196.75"
18/08/16,1823 western pension,-£60.00,"£4,136.75"
19/08/16,8000 straight bus,-£3.39,"£4,133.36"
19/08/16,4239 minor shake,-£57.26,"£4,076.10"
19/08/16,1360 female instance,-£20.00,"£4,056.10"
19/08/16,3008 sufficient science,-£157.00,"£3,899.10"
22/08/16,6716 western pension,-£20.00,"£3,879.10"
22/08/16,8860 leading poem,-£160.00,"£3,719.10"
22/08/16,6917 sufficient science,-£18.62,"£3,700.48"
22/08/16,6764 capable temporary,-£40.00,"£3,660.48"
22/08/16,6195 close inspection,£504.34,"£4,164.82"
23/08/16,4482 nasty interview,-£92.05,"£4,072.77"
24/08/16,1516 western pension,-£10.00,"£4,062.77"
26/08/16,4288 royal resource,-£10.00,"£4,052.77"
26/08/16,989 worth goal,-£70.00,"£3,982.77"
27/08/16,8440 human society,"-£2,290.00","£1,692.77"
30/08/16,8369 sufficient science,-£32.55,"£1,660.22"
30/08/16,8021 full dust,£0.03,"£1,660.25"
30/08/16,1837 straight bus,-£2.50,"£1,657.75"
30/08/16,6968 rough post,-£70.00,"£1,587.75"
30/08/16,8631 best idea,-£59.90,"£1,527.85"
30/08/16,9029 sufficient science,-£56.13,"£1,471.72"
30/08/16,8043 female instance,-£80.00,"£1,391.72"
30/08/16,1601 main train,-£5.85,"£1,385.87"
01/09/16,4992 close inspection,"£2,809.21","£4,195.08"
01/09/16,4003 main train,-£74.01,"£4,121.07"
01/09/16,5898 previous familiar,£38.31,"£4,159.38"
01/09/16,9909 sufficient science,-£23.25,"£4,136.13"
01/09/16,1812 sufficient science,-£31.05,"£4,105.08"
01/09/16,6504 capable temporary,-£40.00,"£4,065.08"
01/09/16,4296 calm double,-£40.00,"£4,025.08"
01/09/16,8184 initial project,-£22.07,"£4,003.01"
01/09/16,4430 straight bus,-£8.52,"£3,994.49"
02/09/16,1413 grand teaching,-£49.33,"£3,945.16"
02/09/16,8521 sufficient science,-£33.29,"£3,911.87"
02/09/16,2645 nearby reading,-£130.00,"£3,781.87"
03/09/16,8427 human society,"-£2,290.00","£1,491.87"
05/09/16,6414 dependent pencil,"£1,023.00","£2,514.87"
05/09/16,3807 needy table,£543.00,"£3,057.87"
05/09/16,3452 sufficient science,-£26.91,"£3,030.96"
05/09/16,4465 adult stage,"-£1,760.00","£1,270.96"
05/09/16,981 negative rich,-£80.21,"£1,190.75"
05/09/16,1473 money show,-£12.41,"£1,178.34"
05/09/16,902 capable temporary,-£70.00,"£1,108.34"
05/09/16,5583 resident pop,-£17.96,"£1,090.38"
06/09/16,6848 separate wood,-£22.22,"£1,068.16"
06/09/16,9531 able habit,-£70.00,£998.16
06/09/16,5377 grand teaching,-£72.95,£925.21
07/09/16,2100 nearby reading,-£60.00,£865.21
07/09/16,4575 western pension,-£50.00,£815.21
07/09/16,3773 sufficient science,-£38.99,£776.22
07/09/16,6608 crazy car,-£70.00,£706.22
07/09/16,6499 money show,-£30.27,£675.95
08/09/16,8132 straight bus,-£42.22,£633.73
09/09/16,1166 such cost,-£14.53,£619.20
09/09/16,8810 money show,-£92.48,£526.72
09/09/16,4229 capable temporary,-£60.00,£466.72
12/09/16,2534 close inspection,£633.53,"£1,100.25"
12/09/16,2119 complex cook,-£12.93,"£1,087.32"
12/09/16,6004 normal distribution,-£6.52,"£1,080.80"
12/09/16,3264 female instance,-£50.00,"£1,030.80"
12/09/16,7173 main train,-£2.09,"£1,028.71"
12/09/16,7590 main train,-£27.01,"£1,001.70"
12/09/16,9904 negative rich,-£48.61,£953.09
12/09/16,7129 tough advertising,-£31.20,£921.89
13/09/16,1497 solid check,-£10.00,£911.89
14/09/16,7093 quiet organization,-£96.93,£814.96
14/09/16,758 daughter double,-£135.33,£679.63
15/09/16,1591 dead focus,-£61.04,£618.59
16/09/16,8470 money show,-£14.14,£604.45
16/09/16,9870 female instance,-£10.00,£594.45
19/09/16,9241 best idea,-£50.20,£544.25
19/09/16,5761 complex cook,-£36.87,£507.38
19/09/16,6295 female instance,-£80.00,£427.38
20/09/16,7112 west physical,-£20.00,£407.38
20/09/16,9226 western pension,-£20.00,£387.38
21/09/16,2376 full dust,£0.03,£387.41
21/09/16,7540 typical wall,-£5.69,£381.72
21/09/16,5688 complex cook,-£67.65,£314.07
21/09/16,6761 grand teaching,-£29.72,£284.35
22/09/16,9850 wonderful sister,-£80.00,£204.35
22/09/16,5298 simple stop,-£55.93,£148.42
22/09/16,621 straight bus,-£28.69,£119.73
23/09/16,9014 living nobody,-£55.73,£64.00
23/09/16,683 specialist sound,-£8.62,£55.38
26/09/16,4403 dependent pencil,"£1,023.00","£1,078.38"
26/09/16,4447 sufficient science,-£193.90,£884.48
26/09/16,1001 female instance,-£70.00,£814.48
26/09/16,3541 short warning,-£30.00,£784.48
26/09/16,4589 money show,-£15.00,£769.48
26/09/16,5519 specialist sound,-£52.65,£716.83
26/09/16,4460 complex cook,-£28.99,£687.84
26/09/16,8960 important period,-£111.51,£576.33
28/09/16,7708 western pension,-£20.00,£556.33
30/09/16,8607 fat nose,-£4.33,£552.00
30/09/16,3467 western pension,-£30.00,£522.00
30/09/16,3804 solid check,-£180.00,£342.00
30/09/16,1633 efficient outside,-£121.48,£220.52
01/10/16,4668 human society,"-£2,290.00","-£2,069.48"
02/10/16,2199 needy table,£543.00,"-£1,526.48"
03/10/16,6538 close inspection,"£2,809.21","£1,282.73"
03/10/16,8285 main train,-£13.95,"£1,268.78"
03/10/16,7901 main train,-£25.27,"£1,243.51"
03/10/16,8358 choice force,-£12.54,"£1,230.97"
03/10/16,2338 sufficient science,-£36.71,"£1,194.26"
03/10/16,2539 able habit,-£10.00,"£1,184.26"
03/10/16,1656 western pension,-£40.00,"£1,144.26"
03/10/16,6044 existing jump,-£11.84,"£1,132.42"
03/10/16,1547 honest inside,-£8.50,"£1,123.92"
03/10/16,2531 straight bus,-£7.74,"£1,116.18"
03/10/16,2548 specialist sound,-£93.25,"£1,022.93"
03/10/16,5779 agent review,-£40.00,£982.93
03/10/16,2764 fat nose,-£12.99,£969.94
04/10/16,6586 capable temporary,-£50.00,£919.94
04/10/16,1432 training library,-£20.11,£899.83
04/10/16,487 close inspection,£983.78,"£1,883.61"
04/10/16,1042 nearby reading,-£60.00,"£1,823.61"
04/10/16,8799 best idea,-£98.48,"£1,725.13"
06/10/16,723 decent sugar,-£41.41,"£1,683.72"
10/10/16,8790 capable temporary,-£20.00,"£1,663.72"
10/10/16,127 money show,-£170.03,"£1,493.69"
10/10/16,805 capable temporary,-£60.00,"£1,433.69"
10/10/16,1739 upset examination,-£310.20,"£1,123.49"
10/10/16,2224 sufficient science,-£29.90,"£1,093.59"
10/10/16,2692 sufficient science,-£82.34,"£1,011.25"
12/10/16,6558 sufficient science,-£57.12,£954.13
12/10/16,1882 money show,-£31.99,£922.14
12/10/16,6036 western pension,-£20.00,£902.14
12/10/16,6171 grand teaching,-£25.46,£876.68
13/10/16,3213 typical wall,-£10.40,£866.28
14/10/16,9714 severe independent,-£50.22,£816.06
14/10/16,2677 straight bus,-£12.74,£803.32
17/10/16,9070 illegal water,-£64.60,£738.72
17/10/16,6044 agent ideal,-£20.00,£718.72
17/10/16,9762 friendly marketing,-£60.00,£658.72
17/10/16,4312 female instance,-£40.00,£618.72
17/10/16,7544 sufficient science,-£134.28,£484.44
17/10/16,9902 western pension,-£20.00,£464.44
18/10/16,7174 complex cook,-£63.52,£400.92
18/10/16,9299 money show,-£37.67,£363.25
18/10/16,9193 capable temporary,-£30.00,£333.25
18/10/16,3127 solid check,-£90.00,£243.25
19/10/16,1912 close inspection,£422.16,£665.41
19/10/16,8834 enough land,-£17.08,£648.33
19/10/16,3908 friendly marketing,-£40.00,£608.33
19/10/16,4920 friendly marketing,-£40.00,£568.33
20/10/16,9135 main train,-£4.27,£564.06
20/10/16,8618 money show,-£80.13,£483.93
20/10/16,4840 brief development,-£24.62,£459.31
21/10/16,6190 nearby reading,-£40.00,£419.31
21/10/16,8623 able habit,-£30.00,£389.31
21/10/16,5109 enough land,-£10.48,£378.83
21/10/16,3672 western pension,-£20.00,£358.83
21/10/16,8373 sufficient science,-£744.19,-£385.36
21/10/16,3140 capable temporary,-£10.00,-£395.36
24/10/16,3644 past produce,-£31.27,-£426.63
24/10/16,9592 nearby reading,-£60.00,-£486.63
24/10/16,2753 solid check,-£60.00,-£546.63
24/10/16,3862 true fan,-£30.00,-£576.63
24/10/16,2929 grand teaching,-£14.73,-£591.36
24/10/16,9281 best idea,-£131.68,-£723.04
25/10/16,2085 full dust,£0.03,-£723.01
25/10/16,5645 used river,-£13.09,-£736.10
26/10/16,8161 money show,-£68.20,-£804.30
27/10/16,7893 sufficient science,-£6.97,-£811.27
27/10/16,7661 friendly mistake,-£19.01,-£830.28
27/10/16,1796 western pension,-£100.00,-£930.28
28/10/16,702 still laugh,-£80.19,"-£1,010.47"
28/10/16,8540 human society,"-£2,290.00","-£3,300.47"
31/10/16,5879 main train,-£24.62,"-£3,325.09"
31/10/16,3256 both end,-£24.01,"-£3,349.10"
31/10/16,4788 nearby reading,-£190.00,"-£3,539.10"
31/10/16,2666 worth goal,-£100.00,"-£3,639.10"
01/11/16,7442 dependent pencil,"£1,023.00","-£2,616.10"
01/11/16,5874 money show,-£28.90,"-£2,645.00"
01/11/16,5400 western pension,-£20.00,"-£2,665.00"
01/11/16,5921 close inspection,£248.81,"-£2,416.19"
01/11/16,3310 enough land,-£15.66,"-£2,431.85"
01/11/16,5694 close inspection,"£2,809.21",£377.36
02/11/16,1558 short warning,-£40.08,£337.28
02/11/16,4154 weak vacation,-£70.00,£267.28
02/11/16,8443 solid check,-£30.00,£237.28
02/11/16,6208 money show,-£42.65,£194.63
02/11/16,4239 money show,-£32.96,£161.67
02/11/16,6652 western pension,-£30.00,£131.67
03/11/16,9350 requiring laptop,£789.00,£920.67
03/11/16,4766 sufficient science,-£65.64,£855.03
04/11/16,5948 friendly marketing,-£110.00,£745.03
07/11/16,8 money show,-£73.51,£671.52
07/11/16,6167 short warning,-£104.58,£566.94
07/11/16,9914 main train,-£7.69,£559.25
07/11/16,2129 money show,-£35.07,£524.18
07/11/16,436 best idea,-£111.10,£413.08
07/11/16,9590 full dust,£0.04,£413.12
08/11/16,367 western pension,-£20.00,£393.12
09/11/16,9341 used river,-£113.78,£279.34
11/11/16,1951 warm task,-£31.07,£248.27
11/11/16,1923 money show,-£17.57,£230.70
14/11/16,7746 money show,-£55.19,£175.51
14/11/16,8135 female instance,-£30.00,£145.51
14/11/16,4880 capable temporary,-£40.00,£105.51
14/11/16,2396 still laugh,-£30.10,£75.41
14/11/16,1460 pregnant wall,-£1.33,£74.08
14/11/16,7715 able habit,-£40.00,£34.08
15/11/16,9759 sufficient science,-£50.11,-£16.03
16/11/16,6857 sufficient science,-£61.87,-£77.90
16/11/16,3024 sufficient science,-£4.47,-£82.37
18/11/16,7237 western pension,-£50.00,-£132.37
21/11/16,34 super conclusion,£3.75,-£128.62
21/11/16,3591 negative rich,-£282.75,-£411.37
22/11/16,2530 money show,-£8.59,-£419.96
24/11/16,2279 grand teaching,-£6.04,-£426.00
25/11/16,6651 grand teaching,-£46.26,-£472.26
28/11/16,5505 dependent pencil,"£1,023.00",£550.74
28/11/16,291 wonderful sister,-£50.00,£500.74
28/11/16,5029 rough post,-£60.00,£440.74
28/11/16,7573 grand teaching,-£39.94,£400.80
28/11/16,1804 normal distribution,-£12.79,£388.01
28/11/16,2686 confident situation,-£59.34,£328.67
28/11/16,217 capable temporary,-£50.00,£278.67
29/11/16,4025 sufficient science,-£40.00,£238.67
30/11/16,6998 money show,-£34.28,£204.39
30/11/16,9690 female instance,-£30.00,£174.39
30/11/16,5261 close inspection,£91.47,£265.86
30/11/16,8086 rough leather,-£81.06,£184.80
01/12/16,1430 money show,-£26.06,£158.74
01/12/16,4592 solid check,-£120.00,£38.74
01/12/16,4252 complex cook,-£53.07,-£14.33
01/12/16,7442 sufficient science,-£138.75,-£153.08
01/12/16,5431 sufficient science,-£121.89,-£274.97
01/12/16,5895 most place,-£60.00,-£334.97
01/12/16,7066 close inspection,"£2,809.21","£2,474.24"
02/12/16,4610 wonderful beyond,-£54.33,"£2,419.91"
02/12/16,8962 wonderful beyond,-£91.01,"£2,328.90"
02/12/16,2510 money show,-£101.52,"£2,227.38"
02/12/16,2175 human society,"-£2,290.00",-£62.62
05/12/16,4729 effective sentence,-£122.99,-£185.61
05/12/16,5036 money show,-£9.45,-£195.06
05/12/16,1581 western pension,-£20.00,-£215.06
05/12/16,2271 best idea,-£157.38,-£372.44
06/12/16,2746 requiring laptop,£789.00,£416.56
06/12/16,9692 western pension,-£40.00,£376.56
06/12/16,8168 full dust,£0.05,£376.61
07/12/16,8971 chemical base,-£41.36,£335.25
07/12/16,451 money show,-£48.79,£286.46
07/12/16,9175 western pension,-£20.00,£266.46
07/12/16,8234 used river,-£42.24,£224.22
09/12/16,9757 smooth inspection,-£10.00,£214.22
09/12/16,6710 choice stress,-£7.65,£206.57
09/12/16,4217 work dress,-£20.49,£186.08
12/12/16,4573 work dress,-£23.54,£162.54
12/12/16,3659 money show,-£6.45,£156.09
12/12/16,3748 crazy car,-£30.00,£126.09
13/12/16,231 western pension,-£10.00,£116.09
13/12/16,4419 rough post,-£40.00,£76.09
14/12/16,1121 negative rich,-£30.40,£45.69
15/12/16,3276 few resist,-£60.00,-£14.31
15/12/16,7149 work dress,-£7.17,-£21.48
15/12/16,9233 capable temporary,-£150.00,-£171.48
16/12/16,8553 complex cook,-£142.71,-£314.19
16/12/16,9545 enough earth,-£2.47,-£316.66
16/12/16,9851 scared mouth,-£5.65,-£322.31
16/12/16,325 western pension,-£30.00,-£352.31
19/12/16,9289 money show,-£19.33,-£371.64
19/12/16,6576 capable temporary,-£10.00,-£381.64
19/12/16,3042 female instance,-£20.00,-£401.64
19/12/16,3787 royal error,£750.00,£348.36
19/12/16,9694 big damage,-£64.67,£283.69
19/12/16,4516 western pension,-£420.00,-£136.31
20/12/16,3406 western pension,-£30.00,-£166.31
20/12/16,4371 junior river,-£40.00,-£206.31
22/12/16,4219 impossible feeling,-£10.13,-£216.44
22/12/16,8843 normal distribution,-£6.29,-£222.73
22/12/16,6090 resident customer,-£170.82,-£393.55
22/12/16,362 junior river,-£16.27,-£409.82
28/12/16,2247 dependent pencil,"£1,023.00",£613.18
28/12/16,3758 able habit,-£60.00,£553.18
28/12/16,6266 ill quit,-£5.03,£548.15
28/12/16,2591 trick native,-£58.44,£489.71
28/12/16,9506 worth goal,-£90.00,£399.71
28/12/16,9379 western pension,-£40.00,£359.71
28/12/16,2035 solid check,-£10.00,£349.71
28/12/16,3801 which mess,£140.50,£490.21
28/12/16,2391 latter swing,£740.00,"£1,230.21"
29/12/16,4125 negative rich,-£81.36,"£1,148.85"
29/12/16,6267 think drunk,-£91.82,"£1,057.03"
29/12/16,7531 western pension,-£20.00,"£1,037.03"
30/12/16,4725 money show,-£28.41,"£1,008.62"
30/12/16,242 close inspection,£867.83,"£1,876.45"
30/12/16,9560 best idea,-£110.39,"£1,766.06"
31/12/16,6371 requiring laptop,£789.00,"£2,555.06"
02/01/17,4146 close inspection,"£2,809.21","£5,364.27"
03/01/17,5444 all shoot,£0.02,"£5,364.29"
03/01/17,7239 human society,"-£2,290.00","£3,074.29"
03/01/17,4752 used river,-£53.08,"£3,021.21"
03/01/17,3875 narrow industry,£75.79,"£3,097.00"
03/01/17,1126 narrow industry,£50.00,"£3,147.00"
03/01/17,5084 money assist,-£50.00,"£3,097.00"
03/01/17,2671 money assist,-£30.00,"£3,067.00"
03/01/17,518 negative rich,-£180.00,"£2,887.00"
03/01/17,1252 careful image,-£40.00,"£2,847.00"
03/01/17,2733 several user,-£40.63,"£2,806.37"
03/01/17,9061 international mobile,-£60.00,"£2,746.37"
03/01/17,2754 clear grandfather,-£63.00,"£2,683.37"
04/01/17,1245 cultural tie,-£330.37,"£2,353.00"
04/01/17,8476 previous desire,-£135.77,"£2,217.23"
05/01/17,2587 several user,-£55.24,"£2,161.99"
05/01/17,3624 complex nurse,-£50.00,"£2,111.99"
05/01/17,2020 negative rich,-£123.20,"£1,988.79"
05/01/17,8224 wooden pop,-£20.00,"£1,968.79"
05/01/17,9233 brilliant fishing,-£30.00,"£1,938.79"
05/01/17,4082 some sea,-£70.00,"£1,868.79"
05/01/17,2294 home vegetable,-£40.00,"£1,828.79"
05/01/17,6186 several user,-£26.16,"£1,802.63"
06/01/17,5547 wooden pop,-£70.00,"£1,732.63"
06/01/17,4432 brilliant fishing,-£50.00,"£1,682.63"
06/01/17,7587 such program,-£20.00,"£1,662.63"
09/01/17,9923 careful image,-£50.00,"£1,612.63"
09/01/17,1981 several user,-£11.11,"£1,601.52"
09/01/17,7926 best idea,-£104.22,"£1,497.30"
09/01/17,5853 close inspection,£293.89,"£1,791.19"
10/01/17,9079 western pension,-£70.00,"£1,721.19"
10/01/17,7813 money show,-£23.99,"£1,697.20"
10/01/17,1909 western pension,-£10.00,"£1,687.20"
11/01/17,6157 used river,-£107.10,"£1,580.10"
11/01/17,7230 money show,-£30.11,"£1,549.99"
12/01/17,4280 western pension,-£20.00,"£1,529.99"
12/01/17,2211 middle fault,-£26.00,"£1,503.99"
12/01/17,3202 capable temporary,-£50.00,"£1,453.99"
13/01/17,1660 specialist sound,-£46.19,"£1,407.80"
16/01/17,5378 western pension,-£10.00,"£1,397.80"
16/01/17,310 solid check,-£50.00,"£1,347.80"
16/01/17,8166 capable temporary,-£70.00,"£1,277.80"
16/01/17,7504 sufficient science,-£68.50,"£1,209.30"
17/01/17,7524 either program,-£3.46,"£1,205.84"
17/01/17,8234 comprehensive green,-£40.55,"£1,165.29"
17/01/17,1110 most maximum,-£20.00,"£1,145.29"
18/01/17,1219 money show,-£14.62,"£1,130.67"
19/01/17,3994 western pension,-£30.00,"£1,100.67"
20/01/17,4167 western pension,-£40.00,"£1,060.67"
20/01/17,6496 sufficient science,-£9.48,"£1,051.19"
23/01/17,7084 crazy car,-£40.00,"£1,011.19"
23/01/17,7122 enough land,-£6.01,"£1,005.18"
23/01/17,5458 training library,-£12.08,£993.10
23/01/17,3365 western pension,-£30.00,£963.10
23/01/17,7360 close inspection,£12.36,£975.46
23/01/17,8724 able habit,-£30.00,£945.46
23/01/17,2049 money show,-£56.50,£888.96
24/01/17,3654 friendly mistake,-£10.22,£878.74
24/01/17,5843 female instance,-£20.00,£858.74
24/01/17,7024 friendly marketing,-£110.00,£748.74
24/01/17,960 money show,-£25.69,£723.05
25/01/17,7286 money show,-£26.22,£696.83
25/01/17,7063 female instance,-£80.00,£616.83
25/01/17,4471 western pension,-£110.00,£506.83
27/01/17,3932 best idea,-£19.94,£486.89
30/01/17,4263 full dust,£0.02,£486.91
30/01/17,3777 able habit,-£20.00,£466.91
30/01/17,7840 money show,-£30.22,£436.69
30/01/17,7062 sufficient science,-£42.19,£394.50
30/01/17,1518 sufficient science,-£16.94,£377.56
30/01/17,2426 western pension,-£60.00,£317.56
30/01/17,3684 used river,-£39.74,£277.82
30/01/17,1931 sufficient science,-£35.49,£242.33
30/01/17,3980 enough land,-£7.74,£234.59
30/01/17,7345 living nobody,-£63.43,£171.16
30/01/17,4927 rare technology,-£38.50,£132.66
30/01/17,9913 capable temporary,-£30.00,£102.66
30/01/17,6456 close inspection,£141.42,£244.08
30/01/17,2284 human society,"-£2,290.00","-£2,045.92"
31/01/17,8617 dependent pencil,"£1,023.00","-£1,022.92"
31/01/17,1070 logical count,-£21.99,"-£1,044.91"
31/01/17,504 money show,-£37.74,"-£1,082.65"
31/01/17,4294 brief development,-£15.26,"-£1,097.91"
31/01/17,7174 foreign week,-£32.27,"-£1,130.18"
01/02/17,2398 human society,"-£2,290.00","-£3,420.18"
01/02/17,3827 close inspection,"£2,809.21",-£610.97
01/02/17,5277 agent review,-£10.00,-£620.97
01/02/17,1036 sufficient science,-£53.50,-£674.47
01/02/17,346 most place,-£30.00,-£704.47
01/02/17,9537 sufficient science,-£12.20,-£716.67
02/02/17,8061 money show,-£14.84,-£731.51
02/02/17,3314 capable temporary,-£60.00,-£791.51
03/02/17,367 comprehensive green,-£40.00,-£831.51
03/02/17,1609 latter swing,£270.00,-£561.51
03/02/17,7877 comprehensive green,-£118.90,-£680.41
03/02/17,1913 short warning,-£106.03,-£786.44
05/02/17,2271 requiring laptop,£789.00,£2.56
06/02/17,3182 friendly mistake,-£10.35,-£7.79
06/02/17,4467 fit database,-£165.67,-£173.46
06/02/17,3415 enough land,-£14.03,-£187.49
06/02/17,4649 western pension,-£20.00,-£207.49
06/02/17,7119 enough land,-£19.46,-£226.95
06/02/17,2683 female instance,-£140.00,-£366.95
07/02/17,9869 latter swing,£10.00,-£356.95
07/02/17,3094 head body,-£99.56,-£456.51
08/02/17,8230 choice beautiful,-£70.00,-£526.51
08/02/17,3908 smart purple,-£46.88,-£573.39
08/02/17,9844 work dress,-£25.90,-£599.29
08/02/17,2959 electrical lack,-£75.83,-£675.12
09/02/17,1191 money show,-£31.02,-£706.14
09/02/17,3371 choice stress,-£114.20,-£820.34
09/02/17,2240 latter swing,£80.00,-£740.34
10/02/17,1032 comprehensive green,-£37.73,-£778.07
13/02/17,8743 best idea,-£143.61,-£921.68
13/02/17,2151 close inspection,£42.53,-£879.15
13/02/17,6250 slow life,-£3.40,-£882.55
13/02/17,6921 money show,-£61.39,-£943.94
13/02/17,3073 private clock,-£25.79,-£969.73
13/02/17,9523 solid check,-£40.00,"-£1,009.73"
14/02/17,1587 used river,-£45.02,"-£1,054.75"
14/02/17,9064 private clock,-£30.48,"-£1,085.23"
14/02/17,3800 adult champion,-£29.60,"-£1,114.83"
15/02/17,3989 western pension,-£40.00,"-£1,154.83"
15/02/17,826 federal increase,-£30.00,"-£1,184.83"
15/02/17,7237 money show,-£42.07,"-£1,226.90"
16/02/17,1956 private clock,-£12.97,"-£1,239.87"
16/02/17,2187 money show,-£82.38,"-£1,322.25"
16/02/17,3277 worth goal,-£120.00,"-£1,442.25"
17/02/17,4549 money show,-£16.54,"-£1,458.79"
17/02/17,7445 western pension,-£10.00,"-£1,468.79"
20/02/17,6433 money show,-£6.46,"-£1,475.25"
20/02/17,5492 solid check,-£80.00,"-£1,555.25"
20/02/17,7028 neat suggestion,-£70.00,"-£1,625.25"
20/02/17,7439 work working,-£20.00,"-£1,645.25"
20/02/17,4841 western pension,-£40.00,"-£1,685.25"
20/02/17,8024 complex cook,-£12.00,"-£1,697.25"
20/02/17,1745 legal young,-£15.11,"-£1,712.36"
21/02/17,1325 upper climate,-£18.60,"-£1,730.96"
21/02/17,8331 total guitar,-£40.00,"-£1,770.96"
21/02/17,5046 money show,-£24.07,"-£1,795.03"
22/02/17,2384 complex cook,-£57.15,"-£1,852.18"
22/02/17,9984 worth goal,-£40.00,"-£1,892.18"
22/02/17,5236 best idea,-£34.39,"-£1,926.57"
23/02/17,8450 full dust,£0.03,"-£1,926.54"
23/02/17,973 negative rich,-£394.92,"-£2,321.46"
23/02/17,5994 human society,"-£2,290.00","-£4,611.46"
24/02/17,7979 money show,-£40.54,"-£4,652.00"
26/02/17,2153 dependent pencil,"£1,023.00","-£3,629.00"
26/02/17,2053 requiring laptop,£789.00,"-£2,840.00"
27/02/17,3799 human society,"-£2,290.00","-£5,130.00"
27/02/17,9747 money show,-£63.96,"-£5,193.96"
27/02/17,8693 used river,-£80.97,"-£5,274.93"
27/02/17,5268 money show,-£78.41,"-£5,353.34"
27/02/17,6149 western pension,-£100.00,"-£5,453.34"
27/02/17,8897 main train,-£9.40,"-£5,462.74"
27/02/17,3984 administrative seat,-£40.00,"-£5,502.74"
27/02/17,8106 latter swing,£130.00,"-£5,372.74"
28/02/17,2167 raw dish,-£66.08,"-£5,438.82"
28/02/17,9943 raw dish,-£56.55,"-£5,495.37"
28/02/17,878 friendly mistake,-£3.75,"-£5,499.12"
28/02/17,7022 friendly marketing,-£60.00,"-£5,559.12"
28/02/17,1494 money show,-£26.22,"-£5,585.34"
01/03/17,7550 calm run,-£18.32,"-£5,603.66"
01/03/17,4996 spare dust,-£28.99,"-£5,632.65"
01/03/17,9954 western pension,-£30.00,"-£5,662.65"
01/03/17,5859 western pension,-£190.00,"-£5,852.65"
01/03/17,4884 latter god,-£18.29,"-£5,870.94"
02/03/17,3750 close inspection,"£2,809.21","-£3,061.73"
02/03/17,2122 money show,-£54.30,"-£3,116.03"
02/03/17,1367 able habit,-£7.69,"-£3,123.72"
02/03/17,6475 able habit,-£40.00,"-£3,163.72"
02/03/17,4679 western pension,-£110.00,"-£3,273.72"
02/03/17,3929 crazy car,-£100.00,"-£3,373.72"
02/03/17,7630 money show,-£37.80,"-£3,411.52"
02/03/17,3649 southern city,-£20.17,"-£3,431.69"
02/03/17,6843 human society,"-£2,290.00","-£5,721.69"
03/03/17,3354 sufficient science,-£298.64,"-£6,020.33"
03/03/17,4024 money show,-£46.94,"-£6,067.27"
03/03/17,2868 crazy car,-£20.00,"-£6,087.27"
03/03/17,643 solid check,-£50.00,"-£6,137.27"
03/03/17,5705 money show,-£10.55,"-£6,147.82"
03/03/17,7294 white wife,-£2.40,"-£6,150.22"
06/03/17,9707 money show,-£18.41,"-£6,168.63"
06/03/17,8182 comprehensive green,-£80.00,"-£6,248.63"
07/03/17,2378 western pension,-£30.00,"-£6,278.63"
07/03/17,3703 true fan,-£20.00,"-£6,298.63"
08/03/17,6085 true fan,-£30.00,"-£6,328.63"
08/03/17,123 capable temporary,-£200.00,"-£6,528.63"
08/03/17,1648 best idea,-£66.87,"-£6,595.50"
08/03/17,6282 tight share,-£14.44,"-£6,609.94"
08/03/17,2861 western pension,-£70.00,"-£6,679.94"
09/03/17,1916 main train,-£49.71,"-£6,729.65"
09/03/17,4758 used river,-£42.55,"-£6,772.20"
09/03/17,3376 money show,-£32.85,"-£6,805.05"
09/03/17,1952 female instance,-£190.00,"-£6,995.05"
10/03/17,246 money show,-£15.56,"-£7,010.61"
10/03/17,1871 federal increase,-£10.00,"-£7,020.61"
10/03/17,2784 federal increase,-£60.00,"-£7,080.61"
10/03/17,797 female instance,-£20.00,"-£7,100.61"
13/03/17,4570 female instance,-£110.00,"-£7,210.61"
13/03/17,3377 money show,-£38.55,"-£7,249.16"
13/03/17,8027 money show,-£31.67,"-£7,280.83"
13/03/17,6701 square broad,-£84.61,"-£7,365.44"
13/03/17,3028 sufficient science,-£42.75,"-£7,408.19"
13/03/17,3615 solid check,-£110.00,"-£7,518.19"
14/03/17,3912 proper tie,-£7.26,"-£7,525.45"
14/03/17,3137 money show,-£52.44,"-£7,577.89"
15/03/17,3974 proper tie,-£20.00,"-£7,597.89"
15/03/17,9669 female instance,-£110.00,"-£7,707.89"
16/03/17,932 money show,-£53.71,"-£7,761.60"
16/03/17,2726 western pension,-£190.00,"-£7,951.60"
16/03/17,114 cute negative,-£25.46,"-£7,977.06"
20/03/17,3213 western pension,-£50.00,"-£8,027.06"
20/03/17,9846 cute negative,-£14.79,"-£8,041.85"
20/03/17,9177 choice stress,-£60.21,"-£8,102.06"
20/03/17,9019 separate hold,-£130.59,"-£8,232.65"
20/03/17,490 less click,-£80.00,"-£8,312.65"
20/03/17,6151 smart purple,-£25.02,"-£8,337.67"
20/03/17,6962 best idea,-£39.37,"-£8,377.04"
20/03/17,6994 cute negative,-£42.01,"-£8,419.05"
21/03/17,3111 main train,-£51.97,"-£8,471.02"
21/03/17,1634 used river,-£110.53,"-£8,581.55"
22/03/17,9298 key wave,-£25.11,"-£8,606.66"
22/03/17,6447 female instance,-£100.00,"-£8,706.66"
22/03/17,8447 cute negative,-£47.36,"-£8,754.02"
22/03/17,6832 solid check,-£70.00,"-£8,824.02"
23/03/17,8190 friendly marketing,-£50.00,"-£8,874.02"
23/03/17,5883 training library,-£60.24,"-£8,934.26"
24/03/17,9024 negative rich,-£101.36,"-£9,035.62"
24/03/17,4861 cute negative,-£4.69,"-£9,040.31"
24/03/17,9907 extra point,-£20.00,"-£9,060.31"
27/03/17,9659 cute negative,-£16.73,"-£9,077.04"
27/03/17,3580 close inspection,£594.32,"-£8,482.72"
27/03/17,7394 external wish,-£18.86,"-£8,501.58"
27/03/17,6214 cute negative,-£29.77,"-£8,531.35"
27/03/17,3978 nearby reading,-£40.00,"-£8,571.35"
27/03/17,9168 western pension,-£150.00,"-£8,721.35"
27/03/17,6691 sufficient science,-£34.54,"-£8,755.89"
27/03/17,6471 female instance,-£40.00,"-£8,795.89"
27/03/17,822 comprehensive green,-£74.66,"-£8,870.55"
27/03/17,9667 normal distribution,-£19.25,"-£8,889.80"
27/03/17,7541 training library,-£63.20,"-£8,953.00"
28/03/17,4681 proper tie,-£30.00,"-£8,983.00"
29/03/17,3567 human society,"-£2,290.00","-£11,273.00"
30/03/17,1250 dependent pencil,"£1,023.00","-£10,250.00"
30/03/17,1790 female instance,-£40.00,"-£10,290.00"
30/03/17,1021 cute negative,-£25.75,"-£10,315.75"
30/03/17,347 female instance,-£20.00,"-£10,335.75"
30/03/17,2819 best idea,-£29.26,"-£10,365.01"
30/03/17,5654 capable temporary,-£70.00,"-£10,435.01"
31/03/17,2185 western pension,-£40.00,"-£10,475.01"
31/03/17,7663 main train,-£45.04,"-£10,520.05"
31/03/17,3815 complex cook,-£14.55,"-£10,534.60"
31/03/17,8682 red birthday,-£265.49,"-£10,800.09"
31/03/17,1373 complex cook,-£47.73,"-£10,847.82"
31/03/17,1396 scared glad,-£6.86,"-£10,854.68"
01/04/17,2386 close inspection,"£2,809.21","-£8,045.47"
03/04/17,427 western pension,-£90.00,"-£8,135.47"
03/04/17,7668 used river,-£19.93,"-£8,155.40"
03/04/17,4565 cute negative,-£30.49,"-£8,185.89"
03/04/17,2882 friendly mistake,-£20.00,"-£8,205.89"
03/04/17,5671 present land,-£80.00,"-£8,285.89"
03/04/17,5383 choice force,-£9.09,"-£8,294.98"
03/04/17,4622 cute negative,-£13.70,"-£8,308.68"
03/04/17,8520 cute negative,-£27.73,"-£8,336.41"
03/04/17,6699 western pension,-£160.00,"-£8,496.41"
03/04/17,5552 western pension,-£50.00,"-£8,546.41"
03/04/17,6847 cute negative,-£46.07,"-£8,592.48"
03/04/17,527 solid check,-£60.00,"-£8,652.48"
03/04/17,9600 close inspection,£117.27,"-£8,535.21"
03/04/17,7223 choice stress,-£43.96,"-£8,579.17"
03/04/17,9155 complex cook,-£11.93,"-£8,591.10"
03/04/17,9718 cute negative,-£44.95,"-£8,636.05"
03/04/17,8850 cute negative,-£15.38,"-£8,651.43"
03/04/17,1548 cute negative,-£27.85,"-£8,679.28"
03/04/17,2099 poor feature,-£13.67,"-£8,692.95"
04/04/17,1783 expensive seat,-£4.08,"-£8,697.03"
04/04/17,990 friendly mistake,-£21.68,"-£8,718.71"
05/04/17,9283 requiring laptop,£789.00,"-£7,929.71"
06/04/17,7594 unique village,-£28.64,"-£7,958.35"
07/04/17,8795 able habit,-£20.00,"-£7,978.35"
07/04/17,5656 cute negative,-£47.83,"-£8,026.18"
10/04/17,7924 western pension,-£70.00,"-£8,096.18"
10/04/17,7266 cute negative,-£53.03,"-£8,149.21"
10/04/17,9828 solid check,-£140.00,"-£8,289.21"
10/04/17,8462 cute negative,-£4.31,"-£8,293.52"
11/04/17,8115 cute negative,-£11.71,"-£8,305.23"
11/04/17,6732 best idea,-£126.74,"-£8,431.97"
11/04/17,1176 cute negative,-£16.58,"-£8,448.55"
11/04/17,7636 cute negative,-£18.23,"-£8,466.78"
11/04/17,4299 cute negative,-£42.71,"-£8,509.49"
11/04/17,1226 used river,-£26.59,"-£8,536.08"
11/04/17,5567 cute negative,-£21.38,"-£8,557.46"
12/04/17,4120 capable temporary,-£130.00,"-£8,687.46"
12/04/17,2913 budget female,-£7.64,"-£8,695.10"
12/04/17,8725 budget female,-£8.81,"-£8,703.91"
12/04/17,1177 fair park,-£6.42,"-£8,710.33"
12/04/17,6827 friendly mistake,-£28.23,"-£8,738.56"
13/04/17,9957 true fan,-£10.00,"-£8,748.56"
13/04/17,3499 his sad,-£13.16,"-£8,761.72"
13/04/17,5119 unique village,-£20.00,"-£8,781.72"
18/04/17,6227 nearby reading,-£130.00,"-£8,911.72"
18/04/17,7810 solid check,-£40.00,"-£8,951.72"
18/04/17,2315 cute negative,-£22.11,"-£8,973.83"
18/04/17,1185 cute negative,-£41.11,"-£9,014.94"
18/04/17,7164 western pension,-£160.00,"-£9,174.94"
18/04/17,9226 main train,-£80.00,"-£9,254.94"
18/04/17,8323 educational station,-£15.20,"-£9,270.14"
18/04/17,8461 able habit,-£57.72,"-£9,327.86"
18/04/17,5746 cute negative,-£58.50,"-£9,386.36"
18/04/17,6461 unique village,-£30.00,"-£9,416.36"
18/04/17,8615 cute negative,-£35.68,"-£9,452.04"
18/04/17,2159 friendly mistake,-£19.34,"-£9,471.38"
18/04/17,1305 capital silly,-£20.57,"-£9,491.95"
18/04/17,9095 western pension,-£40.00,"-£9,531.95"
18/04/17,1331 private clock,-£38.90,"-£9,570.85"
18/04/17,6071 cute negative,-£5.34,"-£9,576.19"
18/04/17,3506 federal increase,-£30.00,"-£9,606.19"
19/04/17,4239 western pension,-£90.00,"-£9,696.19"
19/04/17,831 cute negative,-£29.02,"-£9,725.21"
19/04/17,2427 cute negative,-£40.96,"-£9,766.17"
19/04/17,8084 western pension,-£70.00,"-£9,836.17"
20/04/17,6224 cute negative,-£77.77,"-£9,913.94"
20/04/17,6700 western pension,-£60.00,"-£9,973.94"
20/04/17,1148 past produce,-£59.06,"-£10,033.00"
20/04/17,6917 main train,-£43.52,"-£10,076.52"
20/04/17,8276 latter swing,£750.00,"-£9,326.52"
21/04/17,5452 cute negative,-£6.30,"-£9,332.82"
21/04/17,1526 solid check,-£30.00,"-£9,362.82"
21/04/17,3048 cute negative,-£29.85,"-£9,392.67"
21/04/17,9009 cute negative,-£19.51,"-£9,412.18"
24/04/17,2021 friendly marketing,-£30.00,"-£9,442.18"
24/04/17,5601 best idea,-£53.15,"-£9,495.33"
24/04/17,9242 short warning,-£166.01,"-£9,661.34"
24/04/17,3904 used river,-£141.16,"-£9,802.50"
24/04/17,583 extra female,-£101.77,"-£9,904.27"
24/04/17,4856 cute negative,-£62.23,"-£9,966.50"
24/04/17,2481 able habit,-£30.00,"-£9,996.50"
25/04/17,1292 western pension,-£80.00,"-£10,076.50"
25/04/17,1877 cute negative,-£56.60,"-£10,133.10"
25/04/17,1528 cute negative,-£110.91,"-£10,244.01"
25/04/17,7899 western pension,-£100.00,"-£10,344.01"
26/04/17,4241 cute negative,-£10.64,"-£10,354.65"
26/04/17,8246 cute negative,-£67.23,"-£10,421.88"
26/04/17,7622 cute negative,-£42.42,"-£10,464.30"
26/04/17,5373 training library,-£19.85,"-£10,484.15"
26/04/17,7085 calm worth,-£20.00,"-£10,504.15"
27/04/17,9737 female instance,-£20.00,"-£10,524.15"
27/04/17,4997 cute negative,-£48.25,"-£10,572.40"
28/04/17,4628 solid check,-£60.00,"-£10,632.40"
28/04/17,1318 complex cook,-£80.00,"-£10,712.40"
28/04/17,765 cute negative,-£22.62,"-£10,735.02"
28/04/17,2257 main train,-£11.12,"-£10,746.14"
28/04/17,6450 female instance,-£90.00,"-£10,836.14"
30/04/17,3267 requiring laptop,£789.00,"-£10,047.14"
02/05/17,4388 junior notice,£26.70,"-£10,020.44"
02/05/17,3778 cute negative,-£36.92,"-£10,057.36"
02/05/17,6013 friendly mistake,-£12.90,"-£10,070.26"
02/05/17,9152 cute negative,-£17.92,"-£10,088.18"
02/05/17,1216 female instance,-£20.00,"-£10,108.18"
02/05/17,4712 cute negative,-£25.70,"-£10,133.88"
02/05/17,346 nearby reading,-£30.00,"-£10,163.88"
02/05/17,9460 kind tree,"£2,809.21","-£7,354.67"
02/05/17,9315 federal increase,-£30.00,"-£7,384.67"
02/05/17,8052 best idea,-£97.83,"-£7,482.50"
02/05/17,7882 cute negative,-£2.23,"-£7,484.73"
02/05/17,8934 red birthday,-£101.50,"-£7,586.23"
02/05/17,2683 federal increase,-£20.00,"-£7,606.23"
02/05/17,9343 cute negative,-£83.90,"-£7,690.13"
02/05/17,1257 unique village,-£30.00,"-£7,720.13"
02/05/17,6816 nearby reading,-£60.00,"-£7,780.13"
02/05/17,7925 used river,-£29.15,"-£7,809.28"
02/05/17,2413 only spot,-£31.38,"-£7,840.66"
02/05/17,2815 extra point,-£20.00,"-£7,860.66"
03/05/17,3821 only spot,-£54.81,"-£7,915.47"
03/05/17,5251 western pension,-£50.00,"-£7,965.47"
03/05/17,7369 cute negative,-£55.08,"-£8,020.55"
03/05/17,7942 able habit,-£33.09,"-£8,053.64"
04/05/17,7896 friendly marketing,-£10.00,"-£8,063.64"
04/05/17,2781 exciting yesterday,-£42.60,"-£8,106.24"
04/05/17,3389 bitter shirt,-£36.20,"-£8,142.44"
05/05/17,9141 dependent pencil,"£1,023.00","-£7,119.44"
05/05/17,2819 western pension,-£80.00,"-£7,199.44"
05/05/17,2812 exciting yesterday,-£102.26,"-£7,301.70"
05/05/17,9405 intelligent hurry,-£70.00,"-£7,371.70"
05/05/17,3985 latter swing,£160.00,"-£7,211.70"
05/05/17,9267 female instance,-£50.00,"-£7,261.70"
08/05/17,2843 crazy car,-£50.00,"-£7,311.70"
08/05/17,2254 aware pension,-£9.09,"-£7,320.79"
08/05/17,3685 time chain,-£50.00,"-£7,370.79"
08/05/17,1726 large rich,-£20.00,"-£7,390.79"
08/05/17,2912 exciting yesterday,-£11.64,"-£7,402.43"
08/05/17,2234 exciting yesterday,-£47.12,"-£7,449.55"
08/05/17,5545 kind tree,"£3,611.25","-£3,838.30"
08/05/17,9822 exciting yesterday,-£14.08,"-£3,852.38"
08/05/17,6130 best idea,-£136.73,"-£3,989.11"
08/05/17,6429 exciting yesterday,-£19.27,"-£4,008.38"
08/05/17,455 solid check,-£10.00,"-£4,018.38"
08/05/17,1112 solid check,-£30.00,"-£4,048.38"
08/05/17,6676 exciting yesterday,-£30.53,"-£4,078.91"
08/05/17,94 used river,-£88.26,"-£4,167.17"
09/05/17,1937 neither cross,-£9.47,"-£4,176.64"
09/05/17,4153 western pension,-£70.00,"-£4,246.64"
10/05/17,5827 large rich,-£20.00,"-£4,266.64"
10/05/17,8022 exciting yesterday,-£17.11,"-£4,283.75"
10/05/17,9450 exciting yesterday,-£22.61,"-£4,306.36"
10/05/17,2525 exciting yesterday,-£39.86,"-£4,346.22"
11/05/17,3700 exciting yesterday,-£7.64,"-£4,353.86"
11/05/17,9939 exciting yesterday,-£12.12,"-£4,365.98"
11/05/17,2623 intelligent hurry,-£10.00,"-£4,375.98"
11/05/17,5445 nearby reading,-£150.00,"-£4,525.98"
15/05/17,1900 winter rub,-£105.94,"-£4,631.92"
15/05/17,142 motor investment,-£18.27,"-£4,650.19"
15/05/17,2381 exciting yesterday,-£19.09,"-£4,669.28"
15/05/17,7785 motor investment,-£6.13,"-£4,675.41"
15/05/17,9281 motor investment,-£6.50,"-£4,681.91"
15/05/17,4311 motor investment,-£9.44,"-£4,691.35"
15/05/17,1223 female instance,-£40.00,"-£4,731.35"
15/05/17,2158 cheap hello,-£30.00,"-£4,761.35"
15/05/17,5352 exciting yesterday,-£7.09,"-£4,768.44"
15/05/17,6950 western pension,-£170.00,"-£4,938.44"
15/05/17,1537 impressive equal,-£0.62,"-£4,939.06"
15/05/17,7190 latter swing,£110.00,"-£4,829.06"
16/05/17,1168 exciting yesterday,-£68.96,"-£4,898.02"
16/05/17,7670 exciting yesterday,-£9.89,"-£4,907.91"
16/05/17,435 kind tree,"£4,263.20",-£644.71
17/05/17,4966 exciting yesterday,-£10.36,-£655.07
17/05/17,9377 crazy car,-£20.00,-£675.07
17/05/17,7212 nearby reading,-£120.00,-£795.07
18/05/17,3314 best idea,-£127.20,-£922.27
18/05/17,6020 negative rich,-£732.49,"-£1,654.76"
18/05/17,2838 exciting yesterday,-£9.76,"-£1,664.52"
18/05/17,8949 brown park,-£21.79,"-£1,686.31"
18/05/17,2309 upstairs hope,-£25.23,"-£1,711.54"
22/05/17,1638 rich suggestion,-£63.47,"-£1,775.01"
22/05/17,4628 careful image,-£70.00,"-£1,845.01"
22/05/17,2473 used river,-£74.90,"-£1,919.91"
22/05/17,849 upstairs hope,-£76.44,"-£1,996.35"
22/05/17,1884 upstairs hope,-£30.63,"-£2,026.98"
22/05/17,9493 loud interest,-£60.00,"-£2,086.98"
22/05/17,1200 sorry birth,-£4.88,"-£2,091.86"
22/05/17,3267 upstairs hope,-£19.80,"-£2,111.66"
22/05/17,2054 upstairs hope,-£2.42,"-£2,114.08"
22/05/17,9339 careful image,-£70.00,"-£2,184.08"
22/05/17,614 upstairs hope,-£6.67,"-£2,190.75"
22/05/17,8253 nervous replacement,-£42.01,"-£2,232.76"
23/05/17,3289 just guarantee,-£40.61,"-£2,273.37"
23/05/17,5471 stupid quiet,-£160.00,"-£2,433.37"
23/05/17,8815 rich suggestion,-£10.34,"-£2,443.71"
24/05/17,3399 general depression,-£5.91,"-£2,449.62"
24/05/17,3440 upstairs hope,-£47.31,"-£2,496.93"
24/05/17,4089 western twist,-£14.51,"-£2,511.44"
24/05/17,86 upstairs hope,-£6.70,"-£2,518.14"
25/05/17,2227 spiritual hospital,-£16.66,"-£2,534.80"
25/05/17,2479 previous sing,-£40.00,"-£2,574.80"
25/05/17,6695 some sea,-£70.00,"-£2,644.80"
25/05/17,4266 work phrase,-£52.90,"-£2,697.70"
25/05/17,7461 opposite housing,-£64.61,"-£2,762.31"
26/05/17,3308 home vegetable,-£110.00,"-£2,872.31"
26/05/17,5886 upstairs hope,-£12.61,"-£2,884.92"
27/05/17,1853 requiring laptop,£789.00,"-£2,095.92"
30/05/17,7371 adult shoulder,-£88.65,"-£2,184.57"
30/05/17,2247 upstairs hope,-£41.47,"-£2,226.04"
30/05/17,7335 general depression,-£9.59,"-£2,235.63"
30/05/17,8317 careful image,-£70.00,"-£2,305.63"
30/05/17,2540 active function,-£136.13,"-£2,441.76"
30/05/17,2136 slow work,-£9.44,"-£2,451.20"
30/05/17,6131 good divide,-£73.51,"-£2,524.71"
30/05/17,3742 main train,-£7.14,"-£2,531.85"
30/05/17,431 kind tree,"£3,855.04","£1,323.19"
30/05/17,3599 sufficient stop,-£27.69,"£1,295.50"
30/05/17,2965 upstairs hope,-£15.45,"£1,280.05"
30/05/17,84 best idea,-£22.64,"£1,257.41"
31/05/17,8675 upstairs hope,-£63.31,"£1,194.10"
31/05/17,9123 female instance,-£50.00,"£1,144.10"
31/05/17,7423 red birthday,-£71.66,"£1,072.44"
01/06/17,4033 sweet access,-£15.80,"£1,056.64"
01/06/17,8127 previous sing,-£40.00,"£1,016.64"
01/06/17,8524 life white,-£11.40,"£1,005.24"
01/06/17,1136 used river,-£125.55,£879.69
01/06/17,3985 female instance,-£20.00,£859.69
01/06/17,4892 clear convert,-£5.95,£853.74
02/06/17,7077 human society,"-£2,290.00","-£1,436.26"
02/06/17,6536 kind tree,"£3,855.04","£2,418.78"
02/06/17,3065 exciting yesterday,-£20.64,"£2,398.14"
02/06/17,2758 available dance,-£11.51,"£2,386.63"
02/06/17,7044 dry variety,-£47.67,"£2,338.96"
02/06/17,2645 exciting yesterday,-£78.29,"£2,260.67"
05/06/17,8587 unique day,-£47.40,"£2,213.27"
05/06/17,9429 exciting yesterday,-£8.31,"£2,204.96"
05/06/17,3483 worth stand,-£10.95,"£2,194.01"
05/06/17,3603 exciting yesterday,-£26.30,"£2,167.71"
05/06/17,9530 automatic district,-£160.13,"£2,007.58"
05/06/17,905 firm cousin,-£40.00,"£1,967.58"
05/06/17,5547 empty major,-£58.83,"£1,908.75"
05/06/17,8251 firm cousin,-£50.00,"£1,858.75"
05/06/17,4136 fit owner,-£113.12,"£1,745.63"
05/06/17,6952 worth stand,-£5.12,"£1,740.51"
05/06/17,8159 unique day,-£61.47,"£1,679.04"
05/06/17,9939 exciting yesterday,-£24.58,"£1,654.46"
05/06/17,5036 exciting yesterday,-£34.09,"£1,620.37"
06/06/17,1735 dependent pencil,"£1,023.00","£2,643.37"
06/06/17,2259 asleep profile,-£19.54,"£2,623.83"
06/06/17,8344 exciting yesterday,-£86.40,"£2,537.43"
06/06/17,807 exciting yesterday,-£20.91,"£2,516.52"
07/06/17,9891 crazy car,-£10.00,"£2,506.52"
07/06/17,3978 right virus,-£45.66,"£2,460.86"
07/06/17,6316 frequent mirror,-£8.55,"£2,452.31"
07/06/17,4481 extreme emergency,-£20.00,"£2,432.31"
07/06/17,6802 according nose,-£4.44,"£2,427.87"
07/06/17,3390 long you,-£50.00,"£2,377.87"
07/06/17,3197 patient report,-£30.77,"£2,347.10"
07/06/17,2742 exciting yesterday,-£12.59,"£2,334.51"
08/06/17,735 frequent mirror,-£16.73,"£2,317.78"
08/06/17,605 exciting yesterday,-£7.45,"£2,310.33"
08/06/17,7348 impressive equal,-£1.14,"£2,309.19"
09/06/17,7483 that brave,-£4.99,"£2,304.20"
09/06/17,2470 all skill,-£58.70,"£2,245.50"
12/06/17,8801 exciting yesterday,-£24.93,"£2,220.57"
12/06/17,9512 friendly marketing,-£100.00,"£2,120.57"
12/06/17,9527 latter swing,£60.00,"£2,180.57"
12/06/17,2723 exciting yesterday,-£5.66,"£2,174.91"
12/06/17,1118 frequent mirror,-£13.80,"£2,161.11"
12/06/17,2093 firm cousin,-£80.00,"£2,081.11"
12/06/17,9829 negative rich,-£152.16,"£1,928.95"
12/06/17,1245 friendly marketing,-£40.00,"£1,888.95"
12/06/17,9347 best idea,-£78.75,"£1,810.20"
13/06/17,5626 solid check,-£70.00,"£1,740.20"
13/06/17,5667 main train,-£13.85,"£1,726.35"
13/06/17,4864 used river,-£90.30,"£1,636.05"
13/06/17,8211 available dance,-£5.12,"£1,630.93"
14/06/17,3673 exciting yesterday,-£105.25,"£1,525.68"
14/06/17,271 exciting yesterday,-£19.16,"£1,506.52"
14/06/17,7333 firm cousin,-£30.00,"£1,476.52"
14/06/17,610 distinct national,-£82.87,"£1,393.65"
14/06/17,373 worth stand,-£12.08,"£1,381.57"
14/06/17,6585 unique day,-£32.92,"£1,348.65"
14/06/17,1906 exciting yesterday,-£61.86,"£1,286.79"
15/06/17,1863 female instance,-£70.00,"£1,216.79"
15/06/17,6705 frequent mirror,-£2.16,"£1,214.63"
15/06/17,163 additional responsibility,-£60.00,"£1,154.63"
15/06/17,1939 master rub,-£8.77,"£1,145.86"
15/06/17,2596 firm cousin,-£20.00,"£1,125.86"
16/06/17,7786 exciting yesterday,-£12.57,"£1,113.29"
19/06/17,463 solid check,-£60.00,"£1,053.29"
19/06/17,6599 exciting yesterday,-£4.80,"£1,048.49"
19/06/17,2795 impressive equal,-£6.12,"£1,042.37"
19/06/17,2289 kind tree,"£3,855.04","£4,897.41"
19/06/17,9235 royal error,-£200.00,"£4,697.41"
19/06/17,5107 negative rich,-£670.00,"£4,027.41"
19/06/17,6419 best idea,-£125.67,"£3,901.74"
19/06/17,5509 kind tree,£30.00,"£3,931.74"
19/06/17,6847 used river,-£36.35,"£3,895.39"
19/06/17,902 available dance,-£3.19,"£3,892.20"
19/06/17,7156 long you,-£20.00,"£3,872.20"
19/06/17,7320 thin hand,-£147.57,"£3,724.63"
20/06/17,1050 exciting yesterday,-£71.66,"£3,652.97"
20/06/17,69 exciting yesterday,-£15.39,"£3,637.58"
20/06/17,3917 female instance,-£60.00,"£3,577.58"
21/06/17,8697 exciting yesterday,-£12.66,"£3,564.92"
21/06/17,5035 crazy car,-£40.00,"£3,524.92"
21/06/17,3382 capable temporary,-£40.00,"£3,484.92"
21/06/17,5569 exciting yesterday,-£9.19,"£3,475.73"
22/06/17,9205 glad poem,-£22.14,"£3,453.59"
22/06/17,1319 cool piano,-£58.97,"£3,394.62"
22/06/17,8512 cool piano,-£26.87,"£3,367.75"
22/06/17,454 cool piano,-£10.05,"£3,357.70"
22/06/17,7628 double media,-£5.46,"£3,352.24"
26/06/17,5091 life white,-£3.19,"£3,349.05"
26/06/17,9127 training newspaper,-£47.93,"£3,301.12"
26/06/17,5229 western pension,-£50.00,"£3,251.12"
26/06/17,824 impressive equal,-£1.55,"£3,249.57"
26/06/17,8271 asleep profile,-£60.00,"£3,189.57"
26/06/17,9889 lower judge,-£22.13,"£3,167.44"
26/06/17,9533 exciting yesterday,-£70.09,"£3,097.35"
26/06/17,9765 asleep library,-£60.00,"£3,037.35"
26/06/17,7590 western pension,-£50.00,"£2,987.35"
26/06/17,91 long you,-£80.00,"£2,907.35"
26/06/17,9466 exciting yesterday,-£11.41,"£2,895.94"
26/06/17,6631 worth goal,-£70.00,"£2,825.94"
26/06/17,3131 latter swing,£370.00,"£3,195.94"
26/06/17,7198 most week,-£50.00,"£3,145.94"
27/06/17,9818 exciting yesterday,-£90.91,"£3,055.03"
27/06/17,3780 best idea,-£72.22,"£2,982.81"
27/06/17,6804 exciting yesterday,-£38.92,"£2,943.89"
27/06/17,1039 exciting yesterday,-£38.53,"£2,905.36"
28/06/17,3621 exciting yesterday,-£7.30,"£2,898.06"
28/06/17,1166 extreme emergency,-£40.00,"£2,858.06"
28/06/17,8752 red birthday,-£285.22,"£2,572.84"
28/06/17,8609 used river,-£109.42,"£2,463.42"
28/06/17,1820 available dance,-£12.95,"£2,450.47"
29/06/17,8172 human society,"-£2,290.00",£160.47
29/06/17,4080 exciting yesterday,-£12.01,£148.46
29/06/17,187 nearby reading,-£30.00,£118.46
29/06/17,421 negative rich,-£137.59,-£19.13
29/06/17,8376 exciting yesterday,-£11.89,-£31.02
29/06/17,9626 exciting yesterday,-£28.03,-£59.05
29/06/17,4710 western pension,-£20.00,-£79.05
30/06/17,6542 exciting yesterday,-£46.65,-£125.70
30/06/17,4888 brief equivalent,-£12.77,-£138.47
01/07/17,1214 requiring laptop,£789.00,£650.53
01/07/17,6536 kind tree,"£3,855.04","£4,505.57"
03/07/17,9644 dependent pencil,"£1,023.00","£5,528.57"
03/07/17,4809 exciting yesterday,-£24.35,"£5,504.22"
03/07/17,2610 firm cousin,-£60.00,"£5,444.22"
03/07/17,6786 dramatic insurance,-£20.00,"£5,424.22"
03/07/17,8103 long you,-£70.00,"£5,354.22"
03/07/17,9827 exciting yesterday,-£19.66,"£5,334.56"
03/07/17,4448 full estate,-£26.27,"£5,308.29"
03/07/17,1289 all skill,-£36.21,"£5,272.08"
03/07/17,3402 dramatic relief,-£26.37,"£5,245.71"
03/07/17,5667 solid check,-£20.00,"£5,225.71"
03/07/17,4002 exciting yesterday,-£12.65,"£5,213.06"
03/07/17,3202 time chain,-£16.03,"£5,197.03"
03/07/17,1718 chicken emotion,-£12.09,"£5,184.94"
03/07/17,2280 chicken emotion,-£5.50,"£5,179.44"
03/07/17,1509 firm cousin,-£60.00,"£5,119.44"
03/07/17,2990 exciting yesterday,-£3.27,"£5,116.17"
03/07/17,8752 negative rich,-£6.66,"£5,109.51"
04/07/17,9977 exciting yesterday,-£47.92,"£5,061.59"
04/07/17,7132 firm cousin,-£50.00,"£5,011.59"
04/07/17,2609 exciting yesterday,-£30.00,"£4,981.59"
05/07/17,3032 all skill,-£10.74,"£4,970.85"
05/07/17,3280 nearby reading,-£80.00,"£4,890.85"
05/07/17,9556 best idea,-£50.15,"£4,840.70"
05/07/17,6300 additional responsibility,-£65.49,"£4,775.21"
05/07/17,7478 used river,-£44.91,"£4,730.30"
06/07/17,7484 firm cousin,-£40.00,"£4,690.30"
07/07/17,5532 exciting yesterday,-£22.82,"£4,667.48"
07/07/17,5432 select due,-£5.02,"£4,662.46"
07/07/17,4580 capable temporary,-£50.00,"£4,612.46"
10/07/17,1318 previous spend,-£110.00,"£4,502.46"
10/07/17,4050 available dance,-£4.11,"£4,498.35"
10/07/17,4265 exciting yesterday,-£36.68,"£4,461.67"
10/07/17,3900 raw line,-£20.49,"£4,441.18"
10/07/17,2729 kind tree,£51.75,"£4,492.93"
10/07/17,7984 previous spend,-£70.00,"£4,422.93"
10/07/17,7724 popular requirement,-£35.13,"£4,387.80"
10/07/17,5376 exciting yesterday,-£33.48,"£4,354.32"
10/07/17,2359 firm cousin,-£50.00,"£4,304.32"
11/07/17,8356 capable temporary,-£60.00,"£4,244.32"
12/07/17,816 exciting yesterday,-£40.80,"£4,203.52"
12/07/17,7130 capable temporary,-£70.00,"£4,133.52"
13/07/17,6536 kind tree,£32.41,"£4,165.93"
13/07/17,8979 extreme emergency,-£40.00,"£4,125.93"
13/07/17,5877 all skill,-£10.47,"£4,115.46"
13/07/17,1103 western pension,-£110.00,"£4,005.46"
13/07/17,3820 exciting yesterday,-£46.62,"£3,958.84"
14/07/17,4539 exciting yesterday,-£33.74,"£3,925.10"
14/07/17,3269 exciting yesterday,-£2.36,"£3,922.74"
17/07/17,9771 female instance,-£40.00,"£3,882.74"
17/07/17,7925 exciting yesterday,-£21.69,"£3,861.05"
17/07/17,5040 additional responsibility,-£39.22,"£3,821.83"
17/07/17,6773 firm cousin,-£30.00,"£3,791.83"
17/07/17,4283 exciting yesterday,-£62.17,"£3,729.66"
17/07/17,8536 capable temporary,-£180.00,"£3,549.66"
17/07/17,1890 best idea,-£91.11,"£3,458.55"
17/07/17,4925 used river,-£99.75,"£3,358.80"
18/07/17,6512 exciting yesterday,-£10.85,"£3,347.95"
28/07/17,8100 dependent pencil,"£1,023.00","£4,370.95"
01/08/17,5605 requiring laptop,£789.00,"£5,159.95"
01/08/17,6536 kind tree,"£3,855.04","£9,014.99"
31/04/2017,43 human society,"-£2,290.00","£6,724.99"
